<collection xmlns="http://www.loc.gov/MARC21/slim">
   <record>
      <leader>03729cam a2200565 i 4500</leader>
      <controlfield tag="001">6651171</controlfield>
      <controlfield tag="003">OCoLC</controlfield>
      <controlfield tag="005">20140726084122.0</controlfield>
      <controlfield tag="006">m     o  d        </controlfield>
      <controlfield tag="007">cr cn|---uuuuu</controlfield>
      <controlfield tag="008">140523t20152015paua    ob    001 0 eng d</controlfield>
      <datafield ind1=" " ind2=" " tag="020">
         <subfield code="z">9781455743766</subfield>
      </datafield>
      <datafield ind1=" " ind2=" " tag="020">
         <subfield code="z">1455743763</subfield>
      </datafield>
      <datafield ind1=" " ind2=" " tag="035">
         <subfield code="a">ocn880421005</subfield>
      </datafield>
      <datafield ind1=" " ind2=" " tag="039">
         <subfield code="a">exclude</subfield>
      </datafield>
      <datafield ind1=" " ind2=" " tag="040">
         <subfield code="a">CUS</subfield>
         <subfield code="b">eng</subfield>
         <subfield code="e">rda</subfield>
         <subfield code="e">pn</subfield>
         <subfield code="c">CUS</subfield>
         <subfield code="d">OPELS</subfield>
         <subfield code="d">UIU</subfield>
         <subfield code="d">BUF</subfield>
         <subfield code="d">OPELS</subfield>
         <subfield code="d">WAU</subfield>
         <subfield code="d">AEU</subfield>
      </datafield>
      <datafield ind1=" " ind2=" " tag="043">
         <subfield code="a">e-uk-en</subfield>
      </datafield>
      <datafield ind1=" " ind2="4" tag="050">
         <subfield code="a">RD97</subfield>
      </datafield>
      <datafield ind1=" " ind2="4" tag="060">
         <subfield code="a">QT 261</subfield>
      </datafield>
      <datafield ind1="0" ind2="4" tag="082">
         <subfield code="a">617.1/027</subfield>
         <subfield code="2">23</subfield>
      </datafield>
      <datafield ind1=" " ind2=" " tag="090">
         <subfield code="a">Internet Access</subfield>
         <subfield code="b">AEU</subfield>
      </datafield>
      <datafield ind1="0" ind2=" " tag="130">
         <subfield code="a">Orthopaedic sports medicine.</subfield>
      </datafield>
      <datafield ind1="1" ind2="0" tag="245">
         <subfield code="a">DeLee &amp; Drez's orthopaedic sports medicine :</subfield>
         <subfield code="b">principles and practice /</subfield>
         <subfield code="c">[edited by] Mark D. Miller, MD, Stephen R. Thompson, MD, MED, FRCSC.</subfield>
      </datafield>
      <datafield ind1="3" ind2="3" tag="246">
         <subfield code="a">DeLee and Drez's orthopaedic sports medicine</subfield>
      </datafield>
      <datafield ind1="3" ind2="0" tag="246">
         <subfield code="a">Orthopaedic sports medicine</subfield>
      </datafield>
      <datafield ind1=" " ind2=" " tag="250">
         <subfield code="a">Fourth edition</subfield>
      </datafield>
      <datafield ind1=" " ind2="1" tag="264">
         <subfield code="a">Philadelphia, PA :</subfield>
         <subfield code="b">Elsevier/Saunders,</subfield>
         <subfield code="c">[2015]</subfield>
      </datafield>
      <datafield ind1=" " ind2="4" tag="264">
         <subfield code="c">©2015</subfield>
      </datafield>
      <datafield ind1=" " ind2=" " tag="300">
         <subfield code="a">1 online resource (xxii, 1709 pages) :</subfield>
         <subfield code="b">illustrations (chiefly color)</subfield>
      </datafield>
      <datafield ind1=" " ind2=" " tag="336">
         <subfield code="a">text</subfield>
         <subfield code="b">txt</subfield>
         <subfield code="2">rdacontent</subfield>
         <subfield code="0">http://id.loc.gov/vocabulary/contentTypes/txt</subfield>
      </datafield>
      <datafield ind1=" " ind2=" " tag="337">
         <subfield code="a">computer</subfield>
         <subfield code="b">c</subfield>
         <subfield code="2">rdamedia</subfield>
         <subfield code="0">http://id.loc.gov/vocabulary/mediaTypes/c</subfield>
      </datafield>
      <datafield ind1=" " ind2=" " tag="338">
         <subfield code="a">online resource</subfield>
         <subfield code="b">cr</subfield>
         <subfield code="2">rdacarrier</subfield>
         <subfield code="0">http://id.loc.gov/vocabulary/carriers/cr</subfield>
      </datafield>
      <datafield ind1=" " ind2=" " tag="500">
         <subfield code="a">Previous edition: Philadelphia: Saunders Elsevier, 2009.</subfield>
      </datafield>
      <datafield ind1=" " ind2=" " tag="504">
         <subfield code="a">Includes bibliographical references and index.</subfield>
      </datafield>
      <datafield ind1=" " ind2=" " tag="506">
         <subfield code="a">Access restricted to authorized users and institutions.</subfield>
      </datafield>
      <datafield ind1=" " ind2=" " tag="520">
         <subfield code="a">The revised, streamlined, and reorganized DeLee &amp; Drez's Orthopaedic Sports Medicine continues to be your must-have orthopaedics reference, covering the surgical, medical, and rehabilitation/injury prevention topics related to athletic injuries and chronic conditions. Offered as a 2-volume set, it provides the most clinically focused, comprehensive guidance available in any single source, with contributions from the most respected authorities in the field. Be prepared to handle the full range of clinical challenges with coverage of both pediatric and aging athletes; important non-orthopaedic conditions involved in the management of the athlete; rapidly evolving techniques; and sports-related fractures.Understand rehabilitation and other therapeutic modalities in the context of return to play.Take advantage of in-depth coverage of arthroscopic techniques, including ACL reconstruction, allograft cartilage transplantation, rotator cuff repair, and complications in athletes, as well as injury prevention, nutrition, pharmacology, and psychology in sports.</subfield>
      </datafield>
      <datafield ind1=" " ind2=" " tag="588">
         <subfield code="a">Description based on print version record.</subfield>
      </datafield>
      <datafield ind1=" " ind2=" " tag="596">
         <subfield code="a">44</subfield>
      </datafield>
      <datafield ind1=" " ind2="0" tag="650">
         <subfield code="a">Sports injuries.</subfield>
         <subfield code="0">http://id.loc.gov/authorities/subjects/sh85126888</subfield>
      </datafield>
      <datafield ind1=" " ind2="0" tag="650">
         <subfield code="a">Orthopedic emergencies.</subfield>
         <subfield code="0">http://id.loc.gov/authorities/subjects/sh85095805</subfield>
      </datafield>
      <datafield ind1=" " ind2="0" tag="650">
         <subfield code="a">Sports medicine.</subfield>
         <subfield code="0">http://id.loc.gov/authorities/subjects/sh85126948</subfield>
      </datafield>
      <datafield ind1="1" ind2="2" tag="650">
         <subfield code="a">Athletic Injuries.</subfield>
         <subfield code="0">http://id.nlm.nih.gov/mesh/D001265</subfield>
      </datafield>
      <datafield ind1="2" ind2="2" tag="650">
         <subfield code="a">Orthopedics.</subfield>
         <subfield code="0">http://id.nlm.nih.gov/mesh/D009985</subfield>
      </datafield>
      <datafield ind1="1" ind2=" " tag="700">
         <subfield code="a">Miller, Mark D.,</subfield>
         <subfield code="e">editor.</subfield>
         <subfield code="0">http://id.loc.gov/authorities/names/n92800299</subfield>
         <subfield code="0">http://viaf.org/viaf/44532190</subfield>
      </datafield>
      <datafield ind1="1" ind2=" " tag="700">
         <subfield code="a">Thompson, Stephen R.,</subfield>
         <subfield code="e">editor.</subfield>
         <subfield code="0">http://id.loc.gov/authorities/names/no2012151053</subfield>
         <subfield code="0">http://viaf.org/viaf/300044160</subfield>
      </datafield>
      <datafield ind1=" " ind2=" " tag="758">
         <subfield code="0">http://worldcat.org/entity/work/id/22752210</subfield>
      </datafield>
      <datafield ind1="0" ind2=" " tag="787">
         <subfield code="n">OCLC Work Id</subfield>
         <subfield code="o">http://worldcat.org/entity/work/id/22752210</subfield>
      </datafield>
      <datafield ind1="4" ind2="0" tag="856">
         <subfield code="3">University of Alberta Access</subfield>
         <subfield code="u">https://www.clinicalkey.com/dura/browse/bookChapter/3-s2.0-C20110066966</subfield>
         <subfield code="z">(Unlimited Concurrent Users)</subfield>
      </datafield>
      <datafield ind1=" " ind2=" " tag="949">
         <subfield code="h">UAIN</subfield>
         <subfield code="z">CKEY</subfield>
      </datafield>
      <datafield ind1=" " ind2=" " tag="926">
         <subfield code="a">Internet Access</subfield>
         <subfield code="w">LC</subfield>
         <subfield code="c">1</subfield>
         <subfield code="i">6651171-1001</subfield>
         <subfield code="l">INTERNET</subfield>
         <subfield code="m">UAINTERNET</subfield>
         <subfield code="r">Y</subfield>
         <subfield code="s">Y</subfield>
         <subfield code="t">E-RESOURCE</subfield>
         <subfield code="u">7/30/2014</subfield>
         <subfield code="x">E-BOOK</subfield>
         <subfield code="z">CKEY</subfield>
      </datafield>
   </record>
</collection>
